<?xml version="1.0" encoding="UTF-8"?><collection xmlns="http://www.loc.gov/MARC21/slim"><record><leader>00485nam--2200181-i-4500</leader><controlfield tag="001">000020672</controlfield><controlfield tag="002">20161230</controlfield><controlfield tag="005">20161230201033</controlfield><controlfield tag="008">060222s1000------------r-----000-0-eng-d</controlfield><datafield ind1=" " ind2=" " tag="020"><subfield code="a">0-12-262</subfield></datafield><datafield ind1=" " ind2=" " tag="040"><subfield code="a">IFIN-HH</subfield></datafield><datafield ind1=" " ind2=" " tag="080"><subfield code="a">517.958:550.3</subfield></datafield><datafield ind1=" " ind2=" " tag="245"><subfield code="a">Wavelets in geophisics</subfield></datafield><datafield ind1=" " ind2=" " tag="260"><subfield code="a">London, Academic Press, 1994. 373 P</subfield></datafield><datafield ind1=" " ind2=" " tag="490"><subfield code="a">Wavelet Analysis And Its Applications</subfield><subfield code="v">vol.4</subfield></datafield><datafield ind1=" " ind2=" " tag="700"><subfield code="a">Efi Foufoula-georgiou</subfield></datafield><datafield ind1=" " ind2=" " tag="852"><subfield code="a">80566</subfield><subfield code="c">517.9</subfield></datafield><datafield ind1=" " ind2=" " tag="CAT"><subfield code="a">Sys</subfield><subfield code="c">20090609</subfield><subfield code="h">133345</subfield></datafield></record></collection>